@misc{TWCClassicsDownloads,
  title={Downloads / {TWC Classics}},
  howpublished = {\url{https://twcclassics.com/downloads.html}},
  note = {Accessed: 2022-10-02}
}

@misc{WSWiki,
    author = "{Wikipedia contributors}",
    title = "WeatherStar --- {Wikipedia}{,} The Free Encyclopedia",
    year = "2022",
    howpublished = "\url{https://en.wikipedia.org/w/index.php?title=WeatherStar&oldid=1102858254}",
    note = "{Accessed: 2022-10-02}"
 }
 
 @misc{WS4KProdGde,
    author = "{The Weather Channel}",
    title = "{WeatherSTAR 4000 Product Guide}",
    howpublished = "\url{https://web.archive.org/web/20061206001546/http://support.weather.com:80/affiliates/tech_support/display/product/star_4000/star4000_prod_gde.pdf}",
    note = "{Accessed: 2022-10-02}"
 }